@online{v354,
  title = {Versuch 354: Ged√§mpfte und erzwungene Schwingungen},
  urldate = "2018-01-15",
  url ="http://129.217.224.2/HOMEPAGE/PHYSIKER/BACHELOR/AP/SKRIPT/V354.pdf"
}
